@inproceedings{radford2021learning,
  title={Learning transferable visual models from natural language supervision},
  author={Radford, Alec and Kim, Jong Wook and Hallacy, Chris and Ramesh, Aditya and Goh, Gabriel and Agarwal, Sandhini and Sastry, Girish and Askell, Amanda and Mishkin, Pamela and Clark, Jack and others},
  booktitle={International conference on machine learning},
  pages={8748--8763},
  year={2021},
  organization={PMLR}
}

@inproceedings{zhai2023sigmoid,
  title={Sigmoid loss for language image pre-training},
  author={Zhai, Xiaohua and Mustafa, Basil and Kolesnikov, Alexander and Beyer, Lucas},
  booktitle={Proceedings of the IEEE/CVF International Conference on Computer Vision},
  pages={11975--11986},
  year={2023}
}

@article{dosovitskiy2020image,
  title={An image is worth 16x16 words: Transformers for image recognition at scale},
  author={Dosovitskiy, Alexey and Beyer, Lucas and Kolesnikov, Alexander and Weissenborn, Dirk and Zhai, Xiaohua and Unterthiner, Thomas and Dehghani, Mostafa and Minderer, Matthias and Heigold, Georg and Gelly, Sylvain and others},
  journal={arXiv preprint arXiv:2010.11929},
  year={2020}
}

@article{vaswani2017attention,
  title={Attention is all you need},
  author={Vaswani, Ashish},
  journal={arXiv preprint arXiv:1706.03762},
  year={2017}
}

@article{beyer2024paligemma,
  title={PaliGemma: A versatile 3B VLM for transfer},
  author={Beyer, Lucas and Steiner, Andreas and Pinto, Andr{\'e} Susano and Kolesnikov, Alexander and Wang, Xiao and Salz, Daniel and Neumann, Maxim and Alabdulmohsin, Ibrahim and Tschannen, Michael and Bugliarello, Emanuele and others},
  journal={arXiv preprint arXiv:2407.07726},
  year={2024}
}